%% This BibTeX bibliography file was created using BibDesk.
%% https://bibdesk.sourceforge.io/

%% Created for Dascha at 2024-05-25 11:27:29 +0300 


%% Saved with string encoding Unicode (UTF-8) 



@webpage{WestraCat,
	date-added = {2024-05-25 02:50:55 +0300},
	date-modified = {2024-05-25 02:51:21 +0300},
	url = {https://westra.ru/passes/}}

@techreport{Korolyov2018,
	author = {Андрей Эдуардович Королёв},
	date-added = {2024-05-25 02:44:38 +0300},
	date-modified = {2024-05-25 02:47:12 +0300},
	institution = {ГС МФТИ},
	title = {Отчет о горном маршруте 1 с эл.2 кспо Гвандре (Зап. Кавказ), совершенном в период со 21 июля по 4 августа 2018 года.},
	type = {Горный, 1 к.с. с эл-тами 2 к.с.},
	url = {http://www.mountain.ru/article/article_display1.php?article_id=9641},
	year = {21.07.2018 -- 04.08.2018}}

@techreport{Zelentsova2000,
	author = {Е. Зеленцова},
	date-added = {2024-05-25 02:35:04 +0300},
	date-modified = {2024-05-25 02:47:32 +0300},
	institution = {МГУ},
	title = {Отчет об учебно-тренировочных сборах горной школы ИТП на Западном Кавказе (Гвандра), проведенных с 17 июля по 30 июля 2000 года},
	type = {Горный, 1 к.с.},
	url = {https://www.tlib.ru/doc.aspx?id=32184&page=3},
	year = {17.07.2000 -- 30.07.2000}}

@techreport{Istyagina2015,
	author = {Евгения Евгеньевна Истягина},
	date-added = {2024-05-25 02:24:33 +0300},
	date-modified = {2024-05-25 02:47:22 +0300},
	institution = {МФТИ},
	title = {Отчет о горном походе 1 с эл. 2 к.с. по Западному Кавказу (Гвандра) в августе 2015 года},
	type = {Горный, 1 к.с. с эл-тами 2 к.с.},
	url = {http://www.mountain.ru/article/article_display1.php?article_id=7954&code=1},
	year = {02.08.2015 -- 13.08.2015}}

@techreport{Anuchina2019,
	author = {Светлана Анучина},
	date-added = {2024-05-22 20:55:47 +0300},
	date-modified = {2024-05-25 02:33:53 +0300},
	title = {Горная прогулка трёх ростовчан},
	url = {https://asvetka.livejournal.com/84201.html},
	urldate = {06.04.2020},
	year = {12.08.2019 -- 21.08.2019},
	bdsk-url-1 = {https://asvetka.livejournal.com/84201.html}}
