%% This BibTeX bibliography file was created using BibDesk.
%% https://bibdesk.sourceforge.io/

%% Created for Dascha at 2024-10-30 00:56:51 +0300 


%% Saved with string encoding Unicode (UTF-8) 



@article{Shalnev2020,
	author = {В А Шальнев, А В Лысен},
	date-added = {2024-10-30 00:52:06 +0300},
	date-modified = {2024-10-30 00:56:49 +0300},
	journal = {Наука. Инновации. Технологии.},
	title = {Климатические условия развития туристско-рекреаионной деятельности в Западном Приэльбрусье},
	volume = {4},
	year = {2020}}

@techreport{ZakharovGvandra,
	address = {г. Москва},
	author = {П П Захаров},
	date-added = {2024-10-30 00:02:49 +0300},
	date-modified = {2024-10-30 00:05:13 +0300},
	title = {Западный Кавказ: Гвандра или Узункол?},
	url = {http://www.mountain.ru/article/mainarticle.php?article_id=875}}

@techreport{Brunarsky2023,
	author = {Дмитрий Николаевич Брунарский},
	date-added = {2024-10-12 19:37:42 +0300},
	date-modified = {2024-10-12 20:38:52 +0300},
	month = {июль-август},
	title = {Отчёт о прохождении горного спортивного туристического маршрута первой категории сложности по Западному Кавказу (Гвандра) совершенном с 23 июля по 4 августа 2023 г. группой туристов Горной Секции МФТИ ФСТ Московской области, г. Долгопрудный},
	type = {1},
	url = {ХРЕН ЕГО ЗНАЕТ, ГДЕ ОН ЛЕЖИТ!},
	year = {2023},
	bdsk-url-1 = {%D0%A5%D0%A0%D0%95%D0%9D%20%D0%95%D0%93%D0%9E%20%D0%97%D0%9D%D0%90%D0%95%D0%A2,%20%D0%93%D0%94%D0%95%20%D0%9E%D0%9D%20%D0%9B%D0%95%D0%96%D0%98%D0%A2!}}

@techreport{Sevidov2021,
	author = {Александр Юрьевич Севидов},
	date-added = {2024-10-12 19:08:06 +0300},
	date-modified = {2024-10-12 19:17:50 +0300},
	institution = {Федерация спортивного туризма г. Дмитров МО},
	month = {07},
	title = {Отчет о горном походе 1 к.с. по Западному Кавказу (Гвандры) и Приэльбрусью},
	url = {https://www.tlib.ru/doc.aspx?id=43953&page=1},
	year = {2021},
	bdsk-url-1 = {https://www.tlib.ru/doc.aspx?id=43953&page=1}}

@misc{WestraCat,
	howpublished = {\url{https://westra.ru/passes/}},
	title = {Каталог перевалов т/к <<Вестра>>}}

@techreport{Korolyov2018,
	author = {Андрей Эдуардович Королёв},
	date-added = {2024-05-25 02:44:38 +0300},
	date-modified = {2024-05-25 02:47:12 +0300},
	institution = {ГС МФТИ},
	title = {Отчёт о горном маршруте 1 к.с. с эл. 2 к.с. по Гвандре (Зап. Кавказ), совершённом в период со 21 июля по 4 августа 2018 года.},
	type = {Горный, 1 к.с. с эл-тами 2 к.с.},
	url = {http://www.mountain.ru/article/article_display1.php?article_id=9641},
	year = {21.07.2018 -- 04.08.2018},
	bdsk-url-1 = {http://www.mountain.ru/article/article_display1.php?article_id=9641}}

@techreport{Zelentsova2000,
	author = {Зеленцова Екатерина Валерьевна},
	date-added = {2024-05-25 02:35:04 +0300},
	date-modified = {2024-05-25 02:47:32 +0300},
	institution = {МГУ},
	title = {Отчёт об учебно-тренировочных сборах горной школы ИТП на Западном Кавказе (Гвандра), проведённых с 17 июля по 30 июля 2000 года},
	type = {Горный, 1 к.с.},
	url = {https://www.tlib.ru/doc.aspx?id=32184&page=3},
	year = {17.07.2000 -- 30.07.2000},
	bdsk-url-1 = {https://www.tlib.ru/doc.aspx?id=32184&page=3}}

@techreport{Istyagina2015,
	author = {Евгения Евгеньевна Истягина},
	date-added = {2024-05-25 02:24:33 +0300},
	date-modified = {2024-05-25 02:47:22 +0300},
	institution = {МФТИ},
	title = {Отчет о горном походе 1 с эл. 2 к.с. по Западному Кавказу (Гвандра) в августе 2015 года},
	type = {Горный, 1 к.с. с эл-тами 2 к.с.},
	url = {http://www.mountain.ru/article/article_display1.php?article_id=7954&code=1},
	year = {02.08.2015 -- 13.08.2015},
	bdsk-url-1 = {http://www.mountain.ru/article/article_display1.php?article_id=7954&code=1}}

@techreport{Anuchina2019,
	author = {Анучина Светлана},
	date-added = {2024-05-22 20:55:47 +0300},
	date-modified = {2024-05-25 02:33:53 +0300},
	title = {Горная прогулка трёх ростовчан},
	url = {https://asvetka.livejournal.com/84201.html},
	urldate = {06.04.2020},
	year = {12.08.2019 -- 21.08.2019},
	bdsk-url-1 = {https://asvetka.livejournal.com/84201.html}}

@online{order_kbr,
	title = {Приказ №407 ФСБ РФ <<О пределах пограничной зоны на территории Кабардино-Балкарской республики>>},
	url = {http://publication.pravo.gov.ru/document/0001202309280002},
	urldate = {2024-09-05},
	year = 2023,
	bdsk-url-1 = {http://publication.pravo.gov.ru/document/0001202309280002}}

@online{proza,
	title = {Краткий словарь географических названий},
	url = {https://studopedia.ru/12_23868_l-v-vegener.html},
	urldate = {2024-10-26},

}

@online{caucatalogue,
	title = {Каталог Кавказских гор. Перемётный (Чунгурджарский) перевал},
	url = {https://www.caucatalog.ru/base/peremetnyi_chungurdzharskii_pass.html},
	urldate = {2024-10-30},
}
